<record xmlns="http://www.loc.gov/MARC21/slim" xmlns:xsi="http://www.w3.org/2001/XMLSchema-instance" xsi:schemaLocation="http://www.loc.gov/MARC21/slim http://www.loc.gov/standards/marcxml/schema/MARC21slim.xsd"><leader>01096nam a2200241   4500</leader><controlfield tag="001">001677020</controlfield><controlfield tag="003">NNU</controlfield><controlfield tag="006">m        d        </controlfield><controlfield tag="007">cr cn |||m|||a</controlfield><controlfield tag="008">140707s1959    iq      o     000 0 ara d</controlfield><datafield ind1=" " ind2=" " tag="040"><subfield code="a">NNU</subfield><subfield code="b">eng</subfield><subfield code="c">NNU</subfield></datafield><datafield ind1="1" ind2=" " tag="100"><subfield code="a">Gharav&#299;, Mu&#7717;ammad &#7716;usayn,</subfield><subfield code="d">1878-1942.</subfield></datafield><datafield ind1="1" ind2="0" tag="245"><subfield code="a">Tu&#7717;fat al-&#7717;ak&#299;m</subfield><subfield code="h">[electronic resource] :</subfield><subfield code="b">man&#7827;&#363;mah f&#299; al-&#7717;ikmah wa-al-ma&#699;q&#363;l /</subfield><subfield code="c">li-n&#257;&#7827;imih&#257; Mu&#7717;ammad &#7716;usayn al-I&#7779;fah&#257;n&#299; al-Gharaw&#299;.</subfield></datafield><datafield ind1=" " ind2=" " tag="260"><subfield code="a">al-Najaf :</subfield><subfield code="b">Ma&#7789;ba&#699;at al-Najaf,</subfield><subfield code="c">1959.</subfield></datafield><datafield ind1=" " ind2=" " tag="300"><subfield code="a">online resource (88 p.)</subfield></datafield><datafield ind1=" " ind2=" " tag="500"><subfield code="a">Part of the Arabic Collections Online (ACO) project, contributed by New York Univeristy Libraries.</subfield></datafield><datafield ind1=" " ind2=" " tag="533"><subfield code="a">Electronic reproduction.</subfield><subfield code="b">New York, N.Y. :</subfield><subfield code="c">New York University,</subfield><subfield code="d">2014.</subfield><subfield code="5">NNU</subfield></datafield><datafield ind1=" " ind2="0" tag="650"><subfield code="a">Philosophy, Islamic.</subfield></datafield><datafield ind1="2" ind2=" " tag="710"><subfield code="a">New York University.</subfield><subfield code="b">Libraries.</subfield></datafield><datafield ind1="0" ind2=" " tag="730"><subfield code="a">Arabic Collections Online.</subfield></datafield><datafield ind1="0" ind2="8" tag="776"><subfield code="i">Print version:</subfield><subfield code="a">Gharav&#299;, Mu&#7717;ammad &#7716;usayn, 1878-1942.</subfield><subfield code="t">Tu&#7717;fat al-&#7717;ak&#299;m</subfield><subfield code="w">(NNU)001677020</subfield></datafield><datafield ind1="4" ind2="0" tag="856"><subfield code="u">http://hdl.handle.net/2333.1/5hqbzn76</subfield></datafield><datafield ind1=" " ind2=" " tag="959"><subfield code="a">NNU</subfield><subfield code="b">WEB</subfield><subfield code="c">GENI</subfield><subfield code="t">0</subfield><subfield code="m">Electronic access</subfield><subfield code="s">01</subfield></datafield></record>